<?xml version="1.0" encoding="UTF-8"?><collection xmlns="http://www.loc.gov/MARC21/slim"><record><leader>00518nam--2200181-i-4500</leader><controlfield tag="001">000019890</controlfield><controlfield tag="002">20161230</controlfield><controlfield tag="005">20161230201033</controlfield><controlfield tag="008">060222s1000------------r-----000-0-eng-d</controlfield><datafield ind1=" " ind2=" " tag="040"><subfield code="a">IFIN-HH</subfield></datafield><datafield ind1=" " ind2=" " tag="080"><subfield code="a">539.143.43</subfield></datafield><datafield ind1="1" ind2=" " tag="100"><subfield code="a">Martin, Maryvonne L</subfield></datafield><datafield ind1="1" ind2="0" tag="245"><subfield code="a">Practical nmr spectroscopy</subfield><subfield code="c">Maryvonne l. martin, gerard j. martin, jean-jacques delpuech</subfield></datafield><datafield ind1=" " ind2=" " tag="260"><subfield code="a">London</subfield><subfield code="b">Heyden</subfield><subfield code="c">1980</subfield></datafield><datafield ind1=" " ind2=" " tag="300"><subfield code="a">XXXI + 460 P</subfield></datafield><datafield ind1="1" ind2=" " tag="700"><subfield code="a">Delpuech, Jean-jacques</subfield></datafield><datafield ind1=" " ind2=" " tag="852"><subfield code="a">48245</subfield><subfield code="c">539.143.43</subfield></datafield><datafield ind1=" " ind2=" " tag="CAT"><subfield code="a">Sys</subfield><subfield code="c">20120510</subfield><subfield code="h">175128</subfield></datafield></record></collection>